%CAPITULO DE LIBRO
@INCOLLECTION{nwagboso1999,
  author = {Nwagboso, Christopher},
  title = {User focused surveillance systems integration for intelligent transport systems},
  booktitle = {Advanced Video-Based Surveillance Systems},
  publisher = {Springer},
  ear = {1999},
  pages = {8-17}
}

%LIBROS COMPLETOS
@BOOK{brunelli09,
  title = {Template matching techniques in computer vision: theory and practice},
  publisher = {John Wiley \& Sons},
  year = {2009},
  author = {Brunelli, Roberto}
}

%ARTICULOS REVISTAS
@ARTICLE{SanMiguel15,
  author = {SanMiguel, J. C. and Cavallaro, A.},
  title = {Cost-Aware Coalitions for Collaborative Tracking in Resource-Constrained Camera Networks},
  journal = {IEEE Sensors Journal},
  volume = {15},
  number = {5},
  pages = {2657-2668},
  year = {2015}
}

%ARTICULOS CONFERENCIAS/WORKSHOPS
@INPROCEEDINGS{dalal05,
  author = {Dalal, Navneet and Triggs, Bill},
  title = {Histograms of oriented gradients for human detection},
  booktitle = {IEEE Int. Conf. on Computer Vision and Pattern Recognition (CVPR)},
  year = {2005},
  volume = {1},
  pages = {886-893}
}

%RECURSOS ELECTRONICOS
@ELECTRONIC{Watson09,
  author = {Watson, Theodore},
  title = {VideoInput library},
  url = {http://www.muonics.net/school/spring05/videoInput/},
  originalyear = {1.01.2009},
  urldate = {1.06.2014}
}